% Encoding: UTF-8

@Article{Akyildiz2005,
  author        = {Akyildiz, Ian F and Pompili, Dario and Melodia, Tommaso},
  title         = {Underwater acoustic sensor networks: research challenges},
  journal       = {Ad hoc networks},
  year          = {2005},
  volume        = {3},
  number        = {5},
  pages         = {257--279},
  __markedentry = {[jmrplens:]},
  publisher     = {Elsevier},
}

@Book{Shaw1996,
  title         = {Software architecture: perspectives on an emerging discipline},
  publisher     = {Prentice Hall Englewood Cliffs},
  year          = {1996},
  author        = {Shaw, Mary and Garlan, David},
  volume        = {1},
  __markedentry = {[jmrplens:6]},
}

@misc{BOE_IM_UA,
	Author = {BOE},
	Howpublished = {BOE, 22 marzo de 2012},
	Month = {marzo},
	Title = {Resolución de 7 de marzo de 2012, de la Universidad de Alicante, por la que se publica el plan de estudios de Graduado en Ingeniería Multimedia.},
	Url = {http://www.boe.es/boe/dias/2012/03/22/pdfs/BOE-A-2012-4008.pdf},
	Year = {2012}
}

@Comment{jabref-meta: databaseType:biblatex;}
